@book{wohlin2012,
  Title                    = {Experimentation in Software Engineering - An Introduction},
  Author                   = {Wohlin, C. and Runeson, P. and {H\"ost}, M. and Ohlsson, M.C. and Regnell, B. and {Wessl\'en}, A.},
  Publisher                = {Kluwer Academic Publishers},
  Address                  = "International Series in Software Engineering",
  Year                     = {2012},
  Keywords                 = {Empirical software engineering}
}

@ARTICLE{verdecchia2023,
  title    = "{Threats to validity in software engineering research: A critical reflection}",
  author   = "Verdecchia, Roberto and Engstr{\"o}m, Emelie and Lago, Patricia and Runeson, Per and Song, Qunying",
  journal  = "Information and Software Technology",
  publisher = "Elsevier",
  volume   =  164,
  pages    = "107329",
  month    =  dec,
  year     =  2023
}